<record><leader>00000cas a22000007a 4500</leader><controlfield tag="001">11315594</controlfield><controlfield tag="008">841026d18831894nyuwr ne      0    0eng d</controlfield><datafield ind1=" " ind2=" " tag="010"><subfield code="a">sn 84031870 </subfield></datafield><datafield ind1=" " ind2=" " tag="040"><subfield code="a">NYG</subfield><subfield code="b">eng</subfield><subfield code="c">NYG</subfield><subfield code="d">NYS</subfield><subfield code="d">OCLCQ</subfield></datafield><datafield ind1=" " ind2=" " tag="042"><subfield code="a">msc</subfield></datafield><datafield ind1="0" ind2="4" tag="245"><subfield code="a">The Mechanicville Mercury.</subfield></datafield><datafield ind1=" " ind2=" " tag="260"><subfield code="a">Mechanicville, N.Y. :</subfield><subfield code="b">Farrington L. Mead</subfield></datafield><datafield ind1=" " ind2=" " tag="300"><subfield code="a">v. :</subfield><subfield code="b">ill. ;</subfield><subfield code="c">60 cm.</subfield></datafield><datafield ind1=" " ind2=" " tag="310"><subfield code="a">Weekly</subfield></datafield><datafield ind1="0" ind2=" " tag="362"><subfield code="a">Vol. 2, no. 1 (May 13, 1883)-v. 13, no. 22 (Oct. 5, 1894) = Whole no. 53-647.</subfield></datafield><datafield ind1=" " ind2=" " tag="500"><subfield code="a">Published on Friday.</subfield></datafield><datafield ind1=" " ind2="4" tag="651"><subfield code="a">Mechanicville (N.Y.)</subfield><subfield code="v">Newspapers.</subfield></datafield><datafield ind1=" " ind2=" " tag="752"><subfield code="a">United States</subfield><subfield code="b">New York</subfield><subfield code="c">Saratoga</subfield><subfield code="d">Mechanicville.</subfield></datafield><datafield ind1="0" ind2="0" tag="780"><subfield code="t">Mechanicville era</subfield><subfield code="w">(DLC)sn 88074202</subfield></datafield><datafield ind1="0" ind2="0" tag="785"><subfield code="t">Mechanicville Saturday Mercury</subfield><subfield code="w">(DLC)sn 88074132</subfield></datafield><datafield ind1="1" ind2=" " tag="029"><subfield code="a">AU@</subfield><subfield code="b">000020502046</subfield></datafield></record>